<record><leader>00000cas a22000007a 4500</leader><controlfield tag="001">11192935</controlfield><controlfield tag="008">840924d19081920nyuwr ne      0   a0eng d</controlfield><datafield ind1=" " ind2=" " tag="010"><subfield code="a">sn 84031732 </subfield></datafield><datafield ind1=" " ind2=" " tag="040"><subfield code="a">NYG</subfield><subfield code="b">eng</subfield><subfield code="c">NYG</subfield><subfield code="d">NYS</subfield><subfield code="d">OCLCQ</subfield><subfield code="d">OCLCF</subfield><subfield code="d">OCLCO</subfield></datafield><datafield ind1=" " ind2=" " tag="042"><subfield code="a">msc</subfield></datafield><datafield ind1="0" ind2="4" tag="245"><subfield code="a">The Adirondack record.</subfield></datafield><datafield ind1=" " ind2=" " tag="260"><subfield code="a">Au Sable Forks, N.Y. :</subfield><subfield code="b">The Record Co.</subfield></datafield><datafield ind1=" " ind2=" " tag="300"><subfield code="a">13 v. :</subfield><subfield code="b">ill. (chiefly advertisements) ;</subfield><subfield code="c">55 cm.</subfield></datafield><datafield ind1=" " ind2=" " tag="310"><subfield code="a">Weekly</subfield></datafield><datafield ind1="1" ind2=" " tag="362"><subfield code="a">Vol. 1, no. 1 (March 6, 1908)-v. 13, no. 38 (Nov. 19, 1920).</subfield></datafield><datafield ind1=" " ind2=" " tag="500"><subfield code="a">Published on Friday.</subfield></datafield><datafield ind1=" " ind2=" " tag="500"><subfield code="a">Publishers: The Record Co., 1908- ; Adirondack Record, Inc., &lt;1914-1915&gt;.</subfield></datafield><datafield ind1=" " ind2="0" tag="651"><subfield code="a">Au Sable Forks (N.Y.)</subfield><subfield code="v">Newspapers.</subfield></datafield><datafield ind1=" " ind2="0" tag="651"><subfield code="a">Essex County (N.Y.)</subfield><subfield code="v">Newspapers.</subfield></datafield><datafield ind1=" " ind2="7" tag="655"><subfield code="a">Newspapers.</subfield><subfield code="2">fast</subfield><subfield code="0">(OCoLC)fst01423814</subfield></datafield><datafield ind1=" " ind2="7" tag="651"><subfield code="a">New York (State)</subfield><subfield code="z">Au Sable Forks.</subfield><subfield code="2">fast</subfield><subfield code="0">(OCoLC)fst01254700</subfield></datafield><datafield ind1=" " ind2="7" tag="651"><subfield code="a">New York (State)</subfield><subfield code="z">Essex County.</subfield><subfield code="2">fast</subfield><subfield code="0">(OCoLC)fst01208119</subfield></datafield><datafield ind1=" " ind2=" " tag="752"><subfield code="a">United States</subfield><subfield code="b">New York</subfield><subfield code="c">Essex</subfield><subfield code="d">Au Sable Forks.</subfield></datafield><datafield ind1="0" ind2="7" tag="785"><subfield code="t">Elizabethtown post (Elizabethtown, N.Y. : 1884)</subfield><subfield code="w">(DLC)sn 92061913</subfield><subfield code="w">(OCoLC)27014820</subfield></datafield><datafield ind1="0" ind2="7" tag="785"><subfield code="t">Adirondack record-Elizabethtown post</subfield><subfield code="w">(DLC)sn 87070340</subfield><subfield code="w">(OCoLC)16840671</subfield></datafield></record>